@book{alg,
	author = {	Thomas H. Cormen
	Charles E. Leiserson
	Ronald L. Rivest
	Clifford Stein},
	title = {Introduction to Algorithms},
	edition = {3},
	date = {2009},
	publisher = {MIT Press},
	ISBN = {0-262-03384-4},
}
